<!DOCTYPE html>
<html lang="en">

<head>
  <meta charset="UTF-8">
  <meta http-equiv="X-UA-Compatible" content="IE=edge">
  <meta name="viewport" content="width=device-width, initial-scale=1.0">
  <title>Wall Mart</title>
  <link href="https://cdn.jsdelivr.net/npm/bootstrap@5.0.2/dist/css/bootstrap.min.css" rel="stylesheet"
    integrity="sha384-EVSTQN3/azprG1Anm3QDgpJLIm9Nao0Yz1ztcQTwFspd3yD65VohhpuuCOmLASjC" crossorigin="anonymous">

  <link rel="stylesheet" href="style.css">
  <link rel="stylesheet" href="https://cdnjs.cloudflare.com/ajax/libs/font-awesome/4.7.0/css/font-awesome.min.css">


</head>

<body>
  <div class="main">

    <!-- start header -->
    <div class="container-fluid bg-blue">
      <nav class="navbar navbar-expand-lg navbar-light bg-light  fixed-top">
        <div class="container-fluid">
          <a class="navbar-brand" href="#"><img src="images/logo.svg" alt="" class="d-inline-block align-text-top">

          </a>

          <button class="navbar-toggler" type="button" data-bs-toggle="collapse"
            data-bs-target="#navbarSupportedContent" aria-controls="navbarSupportedContent" aria-expanded="false"
            aria-label="Toggle navigation">
            <span class="navbar-toggler-icon"></span>
          </button>
          <div class="collapse navbar-collapse" id="navbarSupportedContent">
            <ul class="navbar-nav me-auto mb-2 mb-lg-0">


              <li class="nav-item dropdown change">
                <a class="nav-link dropdown-toggle change" href="#" id="navbarDropdown" role="button"
                  data-bs-toggle="dropdown" aria-expanded="false">
                  <i class="fa fa-th"></i> Department
                </a>
                <ul class="dropdown-menu" aria-labelledby="navbarDropdown">
                  <li><a class="dropdown-item" href="#">Action</a></li>
                  <li><a class="dropdown-item" href="#">Another action</a></li>
                  <li>
                    <hr class="dropdown-divider">
                  </li>
                  <li><a class="dropdown-item" href="#">Something else here</a></li>
                </ul>
              </li>

              <li class="nav-item dropdown change">
                <a class="nav-link dropdown-toggle change" href="#" id="navbarDropdown" role="button"
                  data-bs-toggle="dropdown" aria-expanded="false">
                  <i class="	fa fa-th-large"></i> Service
                </a>
                <ul class="dropdown-menu" aria-labelledby="navbarDropdown">
                  <li><a class="dropdown-item" href="#">Action</a></li>
                  <li><a class="dropdown-item" href="#">Another action</a></li>
                  <li>
                    <hr class="dropdown-divider">
                  </li>
                  <li><a class="dropdown-item" href="#">Something else here</a></li>
                </ul>
              </li>

            </ul>
            <form class="d-flex">

              <input i class="form-control me-2" type="search" placeholder="Search everything at wallmart and online"
                aria-label="Search"> <i class="fa fa-search god"></i>
            </form>



            <ul class="navbar-nav me-auto mb-2 mb-lg-0">


              <li class="nav-item dropdown change">
                <a class="nav-link dropdown-toggle change" href="#" id="navbarDropdown" role="button"
                  data-bs-toggle="dropdown" aria-expanded="false">
                  <i class="fa fa-retweet"></i> My item
                </a>
                <ul class="dropdown-menu" aria-labelledby="navbarDropdown">
                  <li><a class="dropdown-item" href="#">Action</a></li>
                  <li><a class="dropdown-item" href="#">Another action</a></li>
                  <li>
                    <hr class="dropdown-divider">
                  </li>
                  <li><a class="dropdown-item" href="#">Something else here</a></li>
                </ul>
              </li>

              <li class="nav-item dropdown change">
                <a class="nav-link dropdown-toggle change" href="#" id="navbarDropdown" role="button"
                  data-bs-toggle="dropdown" aria-expanded="false">
                  <i class="fa fa-address-book"></i> Account
                </a>
                <ul class="dropdown-menu" aria-labelledby="navbarDropdown">
                  <li><a class="dropdown-item" href="#">Action</a></li>
                  <li><a class="dropdown-item" href="#">Another action</a></li>
                  <li>
                    <hr class="dropdown-divider">
                  </li>
                  <li><a class="dropdown-item" href="#">Something else here</a></li>
                </ul>
              </li>
              <i class="fa fa-shopping-cart" style="color: whitesmoke; padding: 3px; font-size: 30px;"></i>
              <span class="zero">$0.00</span>
            </ul>


          </div>
        </div>
      </nav>
    </div>
    <!-- start end -->

    <!-- 2nd start header -->
    <div class="container-fluid bg2-blue">
      <nav class="navbar navbar-expand-lg navbar-light   sticky-top">
        <div class="container-fluid">



          <ul class="navbar-nav me-auto mb-2 mb-lg-0">


            <li class="nav-item  change2">
              <a class="nav-link change2" href="#" id="navbarDropdown" role="button" data-bs-toggle="dropdown"
                aria-expanded="false">
                <i class="fa fa-home"></i>
                Sacramento Supercenter
                <span class="pass">|</span>
              </a>

            </li>

            <li class="nav-item change2">
              <a class="nav-link  change2" href="#" id="navbarDropdown" role="button" data-bs-toggle="dropdown"
                aria-expanded="false">
                <i class="	fa fa-map"></i> Sacramento, 95829
              </a>
            </li>

          </ul>
        </div>
    </div>
    </nav>
  </div>
  <!-- 2nd start end-->

  <!-- carosel start -->
  <div class="container set-up">
    <div id="carouselExampleSlidesOnly" class="carousel slide" data-bs-ride="carousel">
      <div class="carousel-inner">
        <div class="carousel-item active">
          <img src="images/pic1.jpg" class="d-block w-100" width="100%" height="600vh" alt="...">
        </div>
        <div class="carousel-item">
          <img src="images/pic3.jpg" class="d-block w-100" width="100%" height="600vh" alt="...">
        </div>
        <div class="carousel-item">
          <img src="images/pic5.jpg" class="d-block w-100" width="100%" height="600vh" alt="...">
        </div>
      </div>
    </div>
  </div>
  <!-- carosel start  -->
  <!-- commmad set one start-->
  <div class="container">
    <div class="col-md-12">
      <div class="row">

        <div class="col-md-4 col-sm-12">
          <div class="card w-100 trap">
            <div class="card-body tick-talk">
              <h5 class="card-title">Pickup and delivery</h5>
              <a href="#" class="btn but">See times</a>
            </div>
          </div>

          <div class="row row-cols-1 row-cols-md-3 g-4 posts arrow">
            <div class="card-body tick-talk w-100">
              <h5 class="card-title">Popular services</h5>
              <a href="#" class="btn">view all</a>
            </div>

            <div class="col">
              <div class="card h-100 working">
                <img src="images/pic10.png" class="card-img-top" alt="...">
                <div class="card-body">
                  <h5 class="card-title cut">Pharmacy</h5>
                </div>
              </div>
            </div>

            <div class="col">
              <div class="card h-100 working">
                <img src="images/pic11.png" class="card-img-top" alt="...">
                <div class="card-body">
                  <h5 class="card-title cut">Auto Care Center</h5>
                </div>
              </div>
            </div>

            <div class="col">
              <div class="card h-100 working">
                <img src="images/pic12.png" class="card-img-top" alt="...">
                <div class="card-body">
                  <h5 class="card-title cut">Custom Cakes</h5>   
                </div>
              </div>
            </div>

          </div>
        </div>

        <div class="col-md-4 col-sm-12">
          <div class="row row-cols-1 row-cols-md-2 g-4 arrow2 posts">
          <div class="card-body tick-talk w-100">
              <h5 class="card-title">Play kitchens under $100</h5>
            </div>
            
            <div class="col">
              <div class="card working">
                <img src="images/pic13.jpeg" class="card-img-top" alt="...">
              </div>
            </div>

            <div class="col">
              <div class="card  working">
                <img  src="images/pic14.jpeg" class="card-img-top " alt="...">
              </div>
            </div>

            <div class="col">
              <div class="card  working">
                <img src="images/pic15.jpeg" class="card-img-top" alt="...">
              </div>
            </div>

            <div class="col">
              <div class="card  working">
                <img src="images/pic16.jpeg" class="card-img-top" alt="...">
              </div>
            </div>

          </div>
        </div>

        <div class="col-md-4 col-sm-12">
           <div class="row row-cols-1 row-cols-md-2 g-4 arrow2 posts">
          <div class="card-body tick-talk w-100">
              <h5 class="card-title">Stretch your tax refund</h5>
            </div>
            
            <div class="col">
              <div class="card working">
                <img src="images/pic17.jpg" class="card-img-top" alt="...">
              </div>
            </div>

            <div class="col">
              <div class="card  working">
                <img  src="images/pic18.jpg" class="card-img-top " alt="...">
              </div>
            </div>

            <div class="col">
              <div class="card  working">
                <img src="images/pic19.jpg" class="card-img-top" alt="...">
              </div>
            </div>

            <div class="col">
              <div class="card  working">
                <img src="images/pic20.jpg" class="card-img-top" alt="...">
              </div>
            </div>

          </div>
        </div>

      </div>
    </div>
  </div>
  <!-- commmad set one end -->
  <!-- banner start -->
  <div class="container banner">
<div class="d-flex align-items-center">
  <div class="flex-shrink-0">
    <img src="images/pic23.png" width="120px" alt="...">
  </div>
  <div class="flex-grow-1 ms-3 colourful">
   W+ exclusive access event is now live! Members save up to 40% on hot items.
  </div>
  <div class="flexer">
    <button type="button" class="btn  flexer flexer1">Browse items</button>
    <button type="button" class="btn  flexer flexer2">Join Walmart+</button>
  </div>
</div>
  </div>
    <!-- banner end -->
   <!-- chart start -->
<div class="container">
  <h5>Build your cart</h5>
  <div class="card-group">
    <div class="card working " style="width: 18rem;">
  <img src="images/pic29.jpeg" width="10px" class="card-img-top" alt="...">
  <div class="card-body">
    <h5 class="card-title">$3.28 <span class="shot">2.6 ¢/fl oz</span> </h5>
    <p class="card-text">Great Value 2% Reduced Fat Milk, 128 Fl Oz</p>
     <div class="rating">
                <i class="fa fa-star"></i>
                 <i class="fa fa-star"></i>
                  <i class="fa fa-star"></i>
                   <i class="fa fa-star"></i>
                   <i class="fa fa-star-half-o"></i>
                <i class="fa fa-star-o"></i>
                <span class="shot1">1479</span>
            </div>
    <a href="#" class="btn  uper">Pickup</a>
     <a href="#" class="btn  uper">Delivery</a>
  </div>
    </div>

     <div class="card working " style="width: 18rem;">
  <img src="images/pic25.jpeg" width="10px" class="card-img-top" alt="...">
  <div class="card-body">
    <h5 class="card-title">$3.28 <span class="shot">2.6 ¢/fl oz</span> </h5>
    <p class="card-text">Great Value 2% Reduced Fat Milk, 128 Fl Oz</p>
     <div class="rating">
                <i class="fa fa-star"></i>
                 <i class="fa fa-star"></i>
                  <i class="fa fa-star"></i>
                   <i class="fa fa-star"></i>
                   <i class="fa fa-star-half-o"></i>
                <i class="fa fa-star-o"></i>
                <span class="shot1">1479</span>
            </div>
    <a href="#" class="btn  uper">Pickup</a>
     <a href="#" class="btn  uper">Delivery</a>
  </div>
    </div>

    <div class="card working " style="width: 18rem;">
  <img src="images/pic28.jpeg" width="10px" class="card-img-top" alt="...">
  <div class="card-body">
    <h5 class="card-title">$3.28 <span class="shot">2.6 ¢/fl oz</span> </h5>
    <p class="card-text">Great Value 2% Reduced Fat Milk, 128 Fl Oz</p>
     <div class="rating">
                <i class="fa fa-star"></i>
                 <i class="fa fa-star"></i>
                  <i class="fa fa-star"></i>
                   <i class="fa fa-star"></i>
                   <i class="fa fa-star-half-o"></i>
                <i class="fa fa-star-o"></i>
                <span class="shot1">1479</span>
            </div>
    <a href="#" class="btn  uper">Pickup</a>
     <a href="#" class="btn  uper">Delivery</a>
  </div>
    </div>

    <div class="card working " style="width: 18rem;">
  <img src="images/pic24.jpeg" width="10px" class="card-img-top" alt="...">
  <div class="card-body">
    <h5 class="card-title">$3.28 <span class="shot">2.6 ¢/fl oz</span> </h5>
    <p class="card-text">Great Value 2% Reduced Fat Milk, 128 Fl Oz</p>
     <div class="rating">
                <i class="fa fa-star"></i>
                 <i class="fa fa-star"></i>
                  <i class="fa fa-star"></i>
                   <i class="fa fa-star"></i>
                   <i class="fa fa-star-half-o"></i>
                <i class="fa fa-star-o"></i>
                <span class="shot1">1479</span>
            </div>
    <a href="#" class="btn  uper">Pickup</a>
     <a href="#" class="btn  uper">Delivery</a>
  </div>
    </div>

     <div class="card working " style="width: 18rem;">
  <img src="images/pic27.jpeg" width="10px" class="card-img-top" alt="...">
  <div class="card-body">
    <h5 class="card-title">$3.28 <span class="shot">2.6 ¢/fl oz</span> </h5>
    <p class="card-text">Great Value 2% Reduced Fat Milk, 128 Fl Oz</p>
     <div class="rating">
                <i class="fa fa-star"></i>
                 <i class="fa fa-star"></i>
                  <i class="fa fa-star"></i>
                   <i class="fa fa-star"></i>
                   <i class="fa fa-star-half-o"></i>
                <i class="fa fa-star-o"></i>
                <span class="shot1">1479</span>
            </div>
    <a href="#" class="btn  uper">Pickup</a>
     <a href="#" class="btn  uper">Delivery</a>
  </div>
    </div>

     <div class="card working " style="width: 18rem;">
  <img src="images/pic26.jpeg" width="10px" class="card-img-top" alt="...">
  <div class="card-body">
    <h5 class="card-title">$3.28 <span class="shot">2.6 ¢/fl oz</span> </h5>
    <p class="card-text">Great Value 2% Reduced Fat Milk, 128 Fl Oz</p>
     <div class="rating">
                <i class="fa fa-star"></i>
                 <i class="fa fa-star"></i>
                  <i class="fa fa-star"></i>
                   <i class="fa fa-star"></i>
                   <i class="fa fa-star-half-o"></i>
                <i class="fa fa-star-o"></i>
                <span class="shot1">1479</span>
            </div>
    <a href="#" class="btn  uper">Pickup</a>
     <a href="#" class="btn  uper">Delivery</a>
  </div>
    </div>

</div>
<hr>
</div>
   <!-- chart end -->
    <!-- multiple boxes start -->
   <div class="container">

     <div class="dec">
      <h5>Your favorite departments</h5>
      <span class="under">View all</span>
     </div>

     <div class="row">
       <div class="col-md-2 topper T-1"><h5>Grocery</h5></div>
       <div class="col-md-2 topper T-2"><h5>Electronics</h5></div>
       <div class="col-md-2 topper T-3"><h5>Clothing</h5></div>
       <div class="col-md-2 topper T-4"><h5>Home</h5></div>
       <div class="col-md-2 topper T-5"><h5>Video Games</h5></div>
       <div class="col-md-2 topper T-6"><h5>Pets</h5></div>
     </div>

 </div>    
    <!--6multiple boxes end -->
    <!-- fashion start -->
  <div class="container">

    <h5>Just in for spring</h5>
<div class="card-group">
  <div class="card work">
    <img src="images/pic36.jpg" class="card-img-top" alt="...">
    <div class="card-body">
      <h5 class="card-title middle">Tech</h5>
    </div>
  </div>
  <div class="card work">
    <img src="images/pic37.jpg" class="card-img-top" alt="...">
    <div class="card-body">
      <h5 class="card-title middle">Wow & Now</h5>
    </div>
  </div>
   <div class="card work">
    <img src="images/pic38.jpg" class="card-img-top" alt="...">
    <div class="card-body">
      <h5 class="card-title middle">Outdoor play</h5>
    </div>
  </div>
  <div class="card work">
    <img src="images/pic39.jpg" class="card-img-top" alt="...">
    <div class="card-body">
      <h5 class="card-title middle">Spring beauty</h5>
    </div>
  </div>
</div>
<hr>

  <h5>Refresh with top brands</h5>
<div class="card-group">
  <div class="card work">
    <img src="images/pic39.jpg" class="card-img-top" alt="...">
    <div class="card-body">
      <h5 class="card-title middle">Tech</h5>
    </div>
  </div>
  <div class="card work">
    <img src="images/pic38.jpg" class="card-img-top" alt="...">
    <div class="card-body">
      <h5 class="card-title middle">Wow & Now</h5>
    </div>
  </div>
   <div class="card work">
    <img src="images/pic37.jpg" class="card-img-top" alt="...">
    <div class="card-body">
      <h5 class="card-title middle">Outdoor play</h5>
    </div>
  </div>
  <div class="card work">
    <img src="images/pic36.jpg" class="card-img-top" alt="...">
    <div class="card-body">
      <h5 class="card-title middle">Spring beauty</h5>
    </div>
  </div>
</div>

  </div>
    <!-- fashion end -->
 <!-- banner2 start -->
  <div class="container banner banner2">
<div class="d-flex align-items-center">
  <div class="flex-shrink-0">
    <img src="images/pic40.png" width="120px" alt="...">
  </div>
  <div class="flex-grow-1 ms-3 colourful">
   W+ exclusive access event is now live! Members save up to 40% on hot items.
  </div>
  
</div>
  </div>
    <!-- banner2 end -->
    <!-- chart2 start -->
<div class="container">
  <h5>Trending in games & accessories</h5>
  <div class="card-group">
    <div class="card working " style="width: 18rem;">
  <img src="images/pic41.jpeg" width="10px" class="card-img-top" alt="...">
  <div class="card-body">
    <h5 class="card-title">$3.28 <span class="shot">2.6 ¢/fl oz</span> </h5>
    <p class="card-text">Great Value 2% Reduced Fat Milk, 128 Fl Oz</p>
     <div class="rating">
                <i class="fa fa-star"></i>
                 <i class="fa fa-star"></i>
                  <i class="fa fa-star"></i>
                   <i class="fa fa-star"></i>
                   <i class="fa fa-star-half-o"></i>
                <i class="fa fa-star-o"></i>
                <span class="shot1">1479</span>
            </div>
    <a href="#" class="btn  uper">Pickup</a>
     <a href="#" class="btn  uper">Delivery</a>
  </div>
    </div>

     <div class="card working " style="width: 18rem;">
  <img src="images/pic42.webp" width="10px" class="card-img-top" alt="...">
  <div class="card-body">
    <h5 class="card-title">$3.28 <span class="shot">2.6 ¢/fl oz</span> </h5>
    <p class="card-text">Great Value 2% Reduced Fat Milk, 128 Fl Oz</p>
     <div class="rating">
                <i class="fa fa-star"></i>
                 <i class="fa fa-star"></i>
                  <i class="fa fa-star"></i>
                   <i class="fa fa-star"></i>
                   <i class="fa fa-star-half-o"></i>
                <i class="fa fa-star-o"></i>
                <span class="shot1">1479</span>
            </div>
    <a href="#" class="btn  uper">Pickup</a>
     <a href="#" class="btn  uper">Delivery</a>
  </div>
    </div>

    <div class="card working " style="width: 18rem;">
  <img src="images/pic43.jpeg" width="10px" class="card-img-top" alt="...">
  <div class="card-body">
    <h5 class="card-title">$3.28 <span class="shot">2.6 ¢/fl oz</span> </h5>
    <p class="card-text">Great Value 2% Reduced Fat Milk, 128 Fl Oz</p>
     <div class="rating">
                <i class="fa fa-star"></i>
                 <i class="fa fa-star"></i>
                  <i class="fa fa-star"></i>
                   <i class="fa fa-star"></i>
                   <i class="fa fa-star-half-o"></i>
                <i class="fa fa-star-o"></i>
                <span class="shot1">1479</span>
            </div>
    <a href="#" class="btn  uper">Pickup</a>
     <a href="#" class="btn  uper">Delivery</a>
  </div>
    </div>

    <div class="card working " style="width: 18rem;">
  <img src="images/pic44.jpeg" width="10px" class="card-img-top" alt="...">
  <div class="card-body">
    <h5 class="card-title">$3.28 <span class="shot">2.6 ¢/fl oz</span> </h5>
    <p class="card-text">Great Value 2% Reduced Fat Milk, 128 Fl Oz</p>
     <div class="rating">
                <i class="fa fa-star"></i>
                 <i class="fa fa-star"></i>
                  <i class="fa fa-star"></i>
                   <i class="fa fa-star"></i>
                   <i class="fa fa-star-half-o"></i>
                <i class="fa fa-star-o"></i>
                <span class="shot1">1479</span>
            </div>
    <a href="#" class="btn  uper">Pickup</a>
     <a href="#" class="btn  uper">Delivery</a>
  </div>
    </div>

     <div class="card working " style="width: 18rem;">
  <img src="images/pic45.jpeg" width="10px" class="card-img-top" alt="...">
  <div class="card-body">
    <h5 class="card-title">$3.28 <span class="shot">2.6 ¢/fl oz</span> </h5>
    <p class="card-text">Great Value 2% Reduced Fat Milk, 128 Fl Oz</p>
     <div class="rating">
                <i class="fa fa-star"></i>
                 <i class="fa fa-star"></i>
                  <i class="fa fa-star"></i>
                   <i class="fa fa-star"></i>
                   <i class="fa fa-star-half-o"></i>
                <i class="fa fa-star-o"></i>
                <span class="shot1">1479</span>
            </div>
    <a href="#" class="btn  uper">Pickup</a>
     <a href="#" class="btn  uper">Delivery</a>
  </div>
    </div>

     <div class="card working " style="width: 18rem;">
  <img src="images/pic46.png" width="10px" class="card-img-top" alt="...">
  <div class="card-body">
    <h5 class="card-title">$3.28 <span class="shot">2.6 ¢/fl oz</span> </h5>
    <p class="card-text">Great Value 2% Reduced Fat Milk, 128 Fl Oz</p>
     <div class="rating">
                <i class="fa fa-star"></i>
                 <i class="fa fa-star"></i>
                  <i class="fa fa-star"></i>
                   <i class="fa fa-star"></i>
                   <i class="fa fa-star-half-o"></i>
                <i class="fa fa-star-o"></i>
                <span class="shot1">1479</span>
            </div>
    <a href="#" class="btn  uper">Pickup</a>
     <a href="#" class="btn  uper">Delivery</a>
  </div>
    </div>

</div>
<hr>
</div>
   <!-- chart2 end -->   
<!-- for you start -->
<div class="container mix">
<h5>For You</h5>
<div class="row row-cols-1 row-cols-md-3 g-4">
  <div class="col">
    <div class="card h-100">
      <img src="images/pic47.jpg" class="card-img-top" alt="...">
      <div class="card-body">
        <h5 class="card-title">Winter wellness</h5>
        <p class="card-text">Get all your cough, cold, & flu essentials.</p>
      </div>
     <button type="button" class="btn trigger">Shop now</button>
    </div>
  </div>
  <div class="col">
    <div class="card h-100">
      <img src="images/pic48.jpg" class="card-img-top" alt="...">
      <div class="card-body">
        <h5 class="card-title">Lucky you!</h5>
        <p class="card-text">Score charming St. Patrick’s Day picks & fun treats for less.</p>
      </div>
       <button type="button" class="btn trigger">Shop now</button>
    </div>
  </div>
  <div class="col">
    <div class="card h-100">
      <img src="images/pic49.jpg" class="card-img-top" alt="...">
      <div class="card-body">
        <h5 class="card-title">Celebrate Mardi Gras</h5>
        <p class="card-text">Let the good times roll with party faves & more, all for less.</p>
      </div>
       <button type="button" class="btn trigger">Shop now</button>
    </div>
  </div>
</div>

</div>
<!-- for you end -->
<!-- In season start -->
<div class="container mix">
<h5>In Season</h5>
<div class="row row-cols-1 row-cols-md-2 g-4">
  <div class="col">
    <div class="card h-100">
      <img src="images/pic50.jpg" class="card-img-top" alt="...">
      <div class="card-body">
        <h5 class="card-title">The future of clean</h5>
        <p class="card-text">New Safely products for your home, your family, & our planet.</p>
      </div>
      <button type="button" class="btn trigger">Shop now</button>
    </div>
  </div>
  <div class="col">
    <div class="card h-100">
      <img src="images/pic51.jpg" class="card-img-top" alt="...">
      <div class="card-body">
        <h5 class="card-title">New spring collection</h5>
        <p class="card-text">Fashion for everyday in sizes 14–28. Also in select stores./p>
      </div>
    <button type="button" class="btn trigger">Shop now</button>
    </div>
  </div>
  
</div>

</div>
<!-- In season end -->
 <!-- chart3 start -->
<div class="container">
  <h5>Trending in games & accessories</h5>
  <div class="card-group">
    <div class="card working " style="width: 18rem;">
  <img src="images/pic41.jpeg" width="10px" class="card-img-top" alt="...">
  <div class="card-body">
    <h5 class="card-title">$3.28 <span class="shot">2.6 ¢/fl oz</span> </h5>
    <p class="card-text">Great Value 2% Reduced Fat Milk, 128 Fl Oz</p>
     <div class="rating">
                <i class="fa fa-star"></i>
                 <i class="fa fa-star"></i>
                  <i class="fa fa-star"></i>
                   <i class="fa fa-star"></i>
                   <i class="fa fa-star-half-o"></i>
                <i class="fa fa-star-o"></i>
                <span class="shot1">1479</span>
            </div>
    <a href="#" class="btn  uper">Pickup</a>
     <a href="#" class="btn  uper">Delivery</a>
  </div>
    </div>

     <div class="card working " style="width: 18rem;">
  <img src="images/pic42.webp" width="10px" class="card-img-top" alt="...">
  <div class="card-body">
    <h5 class="card-title">$3.28 <span class="shot">2.6 ¢/fl oz</span> </h5>
    <p class="card-text">Great Value 2% Reduced Fat Milk, 128 Fl Oz</p>
     <div class="rating">
                <i class="fa fa-star"></i>
                 <i class="fa fa-star"></i>
                  <i class="fa fa-star"></i>
                   <i class="fa fa-star"></i>
                   <i class="fa fa-star-half-o"></i>
                <i class="fa fa-star-o"></i>
                <span class="shot1">1479</span>
            </div>
    <a href="#" class="btn  uper">Pickup</a>
     <a href="#" class="btn  uper">Delivery</a>
  </div>
    </div>

    <div class="card working " style="width: 18rem;">
  <img src="images/pic43.jpeg" width="10px" class="card-img-top" alt="...">
  <div class="card-body">
    <h5 class="card-title">$3.28 <span class="shot">2.6 ¢/fl oz</span> </h5>
    <p class="card-text">Great Value 2% Reduced Fat Milk, 128 Fl Oz</p>
     <div class="rating">
                <i class="fa fa-star"></i>
                 <i class="fa fa-star"></i>
                  <i class="fa fa-star"></i>
                   <i class="fa fa-star"></i>
                   <i class="fa fa-star-half-o"></i>
                <i class="fa fa-star-o"></i>
                <span class="shot1">1479</span>
            </div>
    <a href="#" class="btn  uper">Pickup</a>
     <a href="#" class="btn  uper">Delivery</a>
  </div>
    </div>

    <div class="card working " style="width: 18rem;">
  <img src="images/pic44.jpeg" width="10px" class="card-img-top" alt="...">
  <div class="card-body">
    <h5 class="card-title">$3.28 <span class="shot">2.6 ¢/fl oz</span> </h5>
    <p class="card-text">Great Value 2% Reduced Fat Milk, 128 Fl Oz</p>
     <div class="rating">
                <i class="fa fa-star"></i>
                 <i class="fa fa-star"></i>
                  <i class="fa fa-star"></i>
                   <i class="fa fa-star"></i>
                   <i class="fa fa-star-half-o"></i>
                <i class="fa fa-star-o"></i>
                <span class="shot1">1479</span>
            </div>
    <a href="#" class="btn  uper">Pickup</a>
     <a href="#" class="btn  uper">Delivery</a>
  </div>
    </div>

     <div class="card working " style="width: 18rem;">
  <img src="images/pic45.jpeg" width="10px" class="card-img-top" alt="...">
  <div class="card-body">
    <h5 class="card-title">$3.28 <span class="shot">2.6 ¢/fl oz</span> </h5>
    <p class="card-text">Great Value 2% Reduced Fat Milk, 128 Fl Oz</p>
     <div class="rating">
                <i class="fa fa-star"></i>
                 <i class="fa fa-star"></i>
                  <i class="fa fa-star"></i>
                   <i class="fa fa-star"></i>
                   <i class="fa fa-star-half-o"></i>
                <i class="fa fa-star-o"></i>
                <span class="shot1">1479</span>
            </div>
    <a href="#" class="btn  uper">Pickup</a>
     <a href="#" class="btn  uper">Delivery</a>
  </div>
    </div>

     <div class="card working " style="width: 18rem;">
  <img src="images/pic46.png" width="10px" class="card-img-top" alt="...">
  <div class="card-body">
    <h5 class="card-title">$3.28 <span class="shot">2.6 ¢/fl oz</span> </h5>
    <p class="card-text">Great Value 2% Reduced Fat Milk, 128 Fl Oz</p>
     <div class="rating">
                <i class="fa fa-star"></i>
                 <i class="fa fa-star"></i>
                  <i class="fa fa-star"></i>
                   <i class="fa fa-star"></i>
                   <i class="fa fa-star-half-o"></i>
                <i class="fa fa-star-o"></i>
                <span class="shot1">1479</span>
            </div>
    <a href="#" class="btn  uper">Pickup</a>
     <a href="#" class="btn  uper">Delivery</a>
  </div>
    </div>

</div>
<hr>
</div>
   <!-- chart3 end -->   
<!-- In season2 start -->
<div class="container mix">
<h5>Brand new for you</h5>
<div class="row row-cols-1 row-cols-md-2 g-4">
  <div class="col">
    <div class="card h-100">
      <img src="images/pic52.jpg" class="card-img-top" alt="...">
      <div class="card-body">
        <h5 class="card-title">Celebrate the Piano Man</h5>
        <p class="card-text">New Safely products for your home, your family, & our planet.</p>
      </div>
      <button type="button" class="btn trigger">Shop now</button>
    </div>
  </div>
  <div class="col">
    <div class="card h-100">
      <img src="images/pic53.jpg" class="card-img-top" alt="...">
      <div class="card-body">
        <h5 class="card-title">Brand new in fitness</h5>
        <p class="card-text">Fashion for everyday in sizes 14–28. Also in select stores./p>
      </div>
    <button type="button" class="btn trigger">Shop now</button>
    </div>
  </div>
  
</div>

</div>
<!-- In season2 end --> 
<!-- chart4 start -->
<div class="container">
  <h5>Trending in kitchen & dining</h5>
  <div class="card-group">
    <div class="card working " style="width: 18rem;">
  <img src="images/pic54.jpeg" width="10px" class="card-img-top" alt="...">
  <div class="card-body">
    <h5 class="card-title">$3.28 <span class="shot">2.6 ¢/fl oz</span> </h5>
    <p class="card-text">Great Value 2% Reduced Fat Milk, 128 Fl Oz</p>
     <div class="rating">
                <i class="fa fa-star"></i>
                 <i class="fa fa-star"></i>
                  <i class="fa fa-star"></i>
                   <i class="fa fa-star"></i>
                   <i class="fa fa-star-half-o"></i>
                <i class="fa fa-star-o"></i>
                <span class="shot1">1479</span>
            </div>
    <a href="#" class="btn  uper">Pickup</a>
     <a href="#" class="btn  uper">Delivery</a>
  </div>
    </div>

     <div class="card working " style="width: 18rem;">
  <img src="images/pic55.jpeg" width="10px" class="card-img-top" alt="...">
  <div class="card-body">
    <h5 class="card-title">$3.28 <span class="shot">2.6 ¢/fl oz</span> </h5>
    <p class="card-text">Great Value 2% Reduced Fat Milk, 128 Fl Oz</p>
     <div class="rating">
                <i class="fa fa-star"></i>
                 <i class="fa fa-star"></i>
                  <i class="fa fa-star"></i>
                   <i class="fa fa-star"></i>
                   <i class="fa fa-star-half-o"></i>
                <i class="fa fa-star-o"></i>
                <span class="shot1">1479</span>
            </div>
    <a href="#" class="btn  uper">Pickup</a>
     <a href="#" class="btn  uper">Delivery</a>
  </div>
    </div>

    <div class="card working " style="width: 18rem;">
  <img src="images/pic56.jpeg" width="10px" class="card-img-top" alt="...">
  <div class="card-body">
    <h5 class="card-title">$3.28 <span class="shot">2.6 ¢/fl oz</span> </h5>
    <p class="card-text">Great Value 2% Reduced Fat Milk, 128 Fl Oz</p>
     <div class="rating">
                <i class="fa fa-star"></i>
                 <i class="fa fa-star"></i>
                  <i class="fa fa-star"></i>
                   <i class="fa fa-star"></i>
                   <i class="fa fa-star-half-o"></i>
                <i class="fa fa-star-o"></i>
                <span class="shot1">1479</span>
            </div>
    <a href="#" class="btn  uper">Pickup</a>
     <a href="#" class="btn  uper">Delivery</a>
  </div>
    </div>

    <div class="card working " style="width: 18rem;">
  <img src="images/pic57.jpeg" width="10px" class="card-img-top" alt="...">
  <div class="card-body">
    <h5 class="card-title">$3.28 <span class="shot">2.6 ¢/fl oz</span> </h5>
    <p class="card-text">Great Value 2% Reduced Fat Milk, 128 Fl Oz</p>
     <div class="rating">
                <i class="fa fa-star"></i>
                 <i class="fa fa-star"></i>
                  <i class="fa fa-star"></i>
                   <i class="fa fa-star"></i>
                   <i class="fa fa-star-half-o"></i>
                <i class="fa fa-star-o"></i>
                <span class="shot1">1479</span>
            </div>
    <a href="#" class="btn  uper">Pickup</a>
     <a href="#" class="btn  uper">Delivery</a>
  </div>
    </div>

     <div class="card working " style="width: 18rem;">
  <img src="images/pic58.png" width="10px" class="card-img-top" alt="...">
  <div class="card-body">
    <h5 class="card-title">$3.28 <span class="shot">2.6 ¢/fl oz</span> </h5>
    <p class="card-text">Great Value 2% Reduced Fat Milk, 128 Fl Oz</p>
     <div class="rating">
                <i class="fa fa-star"></i>
                 <i class="fa fa-star"></i>
                  <i class="fa fa-star"></i>
                   <i class="fa fa-star"></i>
                   <i class="fa fa-star-half-o"></i>
                <i class="fa fa-star-o"></i>
                <span class="shot1">1479</span>
            </div>
    <a href="#" class="btn  uper">Pickup</a>
     <a href="#" class="btn  uper">Delivery</a>
  </div>
    </div>

     <div class="card working " style="width: 18rem;">
  <img src="images/pic59.jpeg" width="10px" class="card-img-top" alt="...">
  <div class="card-body">
    <h5 class="card-title">$3.28 <span class="shot">2.6 ¢/fl oz</span> </h5>
    <p class="card-text">Great Value 2% Reduced Fat Milk, 128 Fl Oz</p>
     <div class="rating">
                <i class="fa fa-star"></i>
                 <i class="fa fa-star"></i>
                  <i class="fa fa-star"></i>
                   <i class="fa fa-star"></i>
                   <i class="fa fa-star-half-o"></i>
                <i class="fa fa-star-o"></i>
                <span class="shot1">1479</span>
            </div>
    <a href="#" class="btn  uper">Pickup</a>
     <a href="#" class="btn  uper">Delivery</a>
  </div>
    </div>

</div>
<hr>
</div>
   <!-- chart4 end -->   
<!-- for you2 start -->
<div class="container mix">
<h5>COVID-19 info & updates</h5>
<div class="row row-cols-1 row-cols-md-3 g-4">
  <div class="col">
    <div class="card h-100">
      <img src="images/pic60.jpg" class="card-img-top" alt="...">
      <div class="card-body">
        <h5 class="card-title">At-home COVID-19 tests</h5>
        <p class="card-text">Now available at Walmart.</p>
      </div>
     <button type="button" class="btn trigger">Shop now</button>
    </div>
  </div>
  <div class="col">
    <div class="card h-100">
      <img src="images/pic61.jpg" class="card-img-top" alt="...">
      <div class="card-body">
        <h5 class="card-title">COVID vaccine & booster</h5>
        <p class="card-text">Now available for eligible patients.</p>
      </div>
       <button type="button" class="btn trigger">Schedule now</button>
    </div>
  </div>
  <div class="col">
    <div class="card h-100">
      <img src="images/pic62.jpg" class="card-img-top" alt="...">
      <div class="card-body">
        <h5 class="card-title">COVID-19 vaccine record</h5>
        <p class="card-text">Vaccinated at a Walmart pharmacy? Access your digital card.</p>
      </div>
       <button type="button" class="btn trigger">Learn more</button>
    </div>
  </div>
</div>

</div>
<!-- for you2 end -->   
<!-- In season3 start -->
<div class="container mix">
<h5>Sharing our values</h5>
<div class="row row-cols-1 row-cols-md-2 g-4">
  <div class="col">
    <div class="card h-100">
      <img src="images/pic63.jpg" class="card-img-top" alt="...">
      <div class="card-body">
        <h5 class="card-title">Celebrate the Piano Man</h5>
        <p class="card-text">New Safely products for your home, your family, & our planet.</p>
      </div>
      <button type="button" class="btn trigger">Shop now</button>
    </div>
  </div>
  <div class="col">
    <div class="card h-100">
      <img src="images/pic64.png" class="card-img-top" alt="...">
      <div class="card-body">
        <h5 class="card-title">Brand new in fitness</h5>
        <p class="card-text">Fashion for everyday in sizes 14–28. Also in select stores./p>
      </div>
    <button type="button" class="btn trigger">Shop now</button>
    </div>
  </div>
  
</div>

</div>
<!-- In season3 end -->  
  <!-- snapt start -->
  <div class="px-4 py-5 my-5 text-center aqua">

    <h6 class="display-5 ">We’d love to hear what you think!</h6>

    <div class="d-grid gap-2 d-sm-flex justify-content-sm-center">
      <button type="button" class="btn btn-primary btn-lg px-4 gap-3 simple">Give feedback</button>
    </div>
  </div>
  <!-- snapt start -->
  <!-- footer start -->
  <div class=" text-secondary px-4 py-5 text-center bg3-blue">
    <div class="py-5">
      <div class="col-lg-6 mx-auto">

        <p class="fs-5 mb-4">Quickly design and customize responsive mobile-first sites with Bootstrap, the world’s most
          popular front-end open source toolkit, featuring Sass variables and mixins, responsive grid system, extensive
          prebuilt components, and powerful JavaScript plugins.</p>

        <p class="display-5 fw-bold text-white font">© 2022 Walmart. All Rights Reserved Made By MUHAMMAD WAQAR ULHAQUE</p>
      </div>
    </div>
  </div>
  <!-- footer start -->
  </div>
</body>
</html>